<?xml version="1.0" encoding="UTF-8"?><record xmlns="http://www.loc.gov/MARC21/slim" xmlns:cinclude="http://apache.org/cocoon/include/1.0" xmlns:zs="http://www.loc.gov/zing/srw/">
  <leader>00506cz  a2200145n  4500</leader>
  <controlfield tag="001">nr 92040521 </controlfield>
  <controlfield tag="003">DLC</controlfield>
  <controlfield tag="005">20040910052129.0</controlfield>
  <controlfield tag="008">921117n| acannaabn          |n aaa     c</controlfield>
  <datafield tag="010" ind1=" " ind2=" ">
    <subfield code="a">nr 92040521 </subfield>
  </datafield>
  <datafield tag="035" ind1=" " ind2=" ">
    <subfield code="a">(OCoLC)oca03273446</subfield>
  </datafield>
  <datafield tag="040" ind1=" " ind2=" ">
    <subfield code="a">MiU</subfield>
    <subfield code="c">MiU</subfield>
    <subfield code="d">AzTeS</subfield>
  </datafield>
  <datafield tag="100" ind1="1" ind2=" ">
    <subfield code="a">Grant, Karen Ruth,</subfield>
    <subfield code="d">1957-</subfield>
  </datafield>
  <datafield tag="670" ind1=" " ind2=" ">
    <subfield code="a">Her Lifestyle, gender and health, 1989:</subfield>
    <subfield code="b">t.p. (Karen Ruth Grant) p. 463 (b. 10-14-57)</subfield>
  </datafield>
  <datafield tag="670" ind1=" " ind2=" ">
    <subfield code="a">Caring for/caring about, 2004:</subfield>
    <subfield code="b">t.p. (Karen R. Grant) p. 189 (Dept. of Sociology, Univ. of Manitoba)</subfield>
  </datafield>
</record>